@BOOK{matousek2014,
    author = "Petr Matoušek",
    key = "Matousek",
    title = "Síťové služby a jejich architektura",
    edition = 1,
    pages = 396,
    year = 2014,
    address = "Brno",
    publisher = "Nakladatelství Vysokého učení technického v Brně VUTIUM",
    ISBN = "978-80-214-3766-1",
    language = "czech",
}

@BOOK{kurose2021,
    author = "James F. Kurose and Keith W. Ross",
    key = "Kurose",
    title = "Computer Netrowking",
    subtitle = "a top-down approach",
    edition = 8,
    pages = 750,
    publisher = "Pearson Education Limited",
    address = "Harlow",
    revised = "",
    year = 2021 ,
    isbn = "978-1-292-40546-9"
}

@book{Aggarwal2014,
    author = "Charu C. Aggarwal and Jiawei Han",
    title = "Frequent pattern mining",
    edition = 1,
    publisher = "Springer",
    address = "Cham",
    year = 2014,
    month = 9,
    ISBN = "978-3-319-07820-5",
}

@manual{rfc-tcp,
    series =    {Request for Comments},
    number =    9293,
    author = "Wesley M. Eddy",
    title = "RFC 9293",
    subtitle = "Transmission Control Protocol (TCP)",
    organization = "IETF",
    month = 8,
    year = 2022,
    issn = "2070-1721",
    note = "Request for Comments: 9293"
}

@manual{rfc-tls12,
    series =    {Request for Comments},
    number =    5246,
    author = "Eric Rescorla and Tim Dierks",
    title = "RFC 5246",
    subtitle = "The Transport Layer Security (TLS) Protocol Version 1.2",
    organization = "IETF",
    month = 8,
    year = 2008,
    note = "Request for Comments: 5246"
}

@book{Stallings2017,
    author = "William Stallings",
    key = "Stallings",
    title = "Cryptography and network security",
    subtitle = "principles and practice",
    edition = 7,
    pages = 767,
    publisher = "Pearson Education Limited",
    address = "Harlow",
    year = 2017 ,
    isbn = "978-1-292-15858-7",
}

@manual{rfc-rc4,
    series =    {Request for Comments},
    number =    7465,
    author = "Andrei Popov",
    title = "RFC 7465",
    subtitle = "Prohibiting RC4 Cipher Suites",
    organization = "IETF",
    month = 2,
    year = 2015,
    issn = "2070-1721",
    note = "Request for Comments: 7465",
    doi = "10.17487/RFC7465",
}

@TechReport{sha-collision,
    author = "Marc Stevens and  Elie Bursztein and Pierre Karpman and others",
    title = "SHAttered",    
    subtitle = "The first collision for full SHA-1",
    address = "Amsterdam",
    institution = "Google Research a CWI Amsterdam",
    year  = 2017,
}

@manual{rfc-sec_proto,
    series =    {Request for Comments},
    number =    8922,
    publisher = {RFC Editor},
    doi =       {10.17487/RFC8922},
    author =    {Reese Enghardt and Tommy Pauly and Colin Perkins and others},
    title =     {RFC 8922},
    subtitle =  {{A Survey of the Interaction between Security Protocols and Transport Services}},
    note = "Request for Comments: 8922",
    pagetotal = 19,
    year =      2020,
    month =     oct,
    issn = "2070-1721",
    organization = "IETF",
}

@manual{rfc-tls-ext,
    series =    {Request for Comments},
    number =    8422,
    publisher = {RFC Editor},
    doi =       {10.17487/RFC8422},
    author =    {Yoav Nir and Simon Josefsson and Manuel Pégourié-Gonnard},
    title =     {RFC 8422},
    subtitle =     {{Elliptic Curve Cryptography (ECC) Cipher Suites for TLS\dots}},
    pagetotal = 34,
    year =      2018,
    month =     aug,
    organization = "IETF",
    note = "Request for Comments: 8422",
}

@manual{rfc-tls13,
    series =    {Request for Comments},
    number =    8446,
    publisher = {RFC Editor},
    doi =       {10.17487/RFC8446},
    author =    {Eric Rescorla},
    title =     {The Transport Layer Security (TLS) Protocol Version 1.3},
    pagetotal = 160,
    year =      2018,
    month =     aug,
    organization = "IETF",
    note = "Request for Comments: 8446",
}

@techreport{encrypted-hello,
    number =    {draft-ietf-tls-esni-22},
    type =      {Internet-Draft},
    institution =   {IETF},
    publisher = {IETF},
    note =      {Work in Progress},
    url =       {https://datatracker.ietf.org/doc/draft-ietf-tls-esni/22/},
    author =    {Eric Rescorla and Kazuho Oku and Nick Sullivan and others},
    title =     {TLS Encrypted Client Hello},
    pagetotal = 52,
    year =      2024,
    month =     sep,
    day =       15,
    cited = "2024-10-14",
}

@manual{rfc-quic,
    series =    {Request for Comments},
    number =    9000,
    publisher = {IETF},
    doi =       {10.17487/RFC9000},
    author =    {Jana Iyengar and Martin Thomson},
    title = {RFC 9000},
    subtitle =     {{QUIC: A UDP-Based Multiplexed and Secure Transport}},
    pagetotal = 151,
    year =      2021,
    month =     may,
    note = "Request for Comments: 9000"
}

@manual{rfc-quic-tls,
    series =    {Request for Comments},
    number =    9001,
    publisher = {RFC Editor},
    doi =       {10.17487/RFC9001},
    author =    {Martin Thomson and Sean Turner},
    title = {RFC 9001},
    subtitle =     {{Using TLS to Secure QUIC}},
    pagetotal = 52,
    year =      2021,
    month =     may,
    note = "Request for Comments: 9001",
}

@manual{rfc-grease,
    series =    {Request for Comments},
    number =    8701,
    organization = {IETF},
    doi =       {10.17487/RFC8701},
    author =    {David Benjamin},
    title = {RFC 8701},
    subtitle =     {{Applying Generate Random Extensions And Sustain Extensibility (GREASE)\dots}},
    pagetotal = 12,
    year =      2020,
    month =     jan,
    note = "Request for Comments: 8701",
}

@manual{rfc-sni,
    series =    {Request for Comments},
    number =    6066,
    organization = {IETF},
    doi =       {10.17487/RFC6066},
    author =    {Donald E. Eastlake},
    title =  {RFC 6066},
    subtitle =     {{Transport Layer Security (TLS) Extensions: Extension Definitions}},
    pagetotal = 25,
    year =      2011,
    month =     jan,
    note = "Request for Comments: 6066",
}

@misc{rfc-alpn,
    series =    {Request for Comments},
    number =    7301,
    title =  {RFC 7301},
    publisher = {IETF},
    doi =       {10.17487/RFC7301},
    author =    {Stephan Friedl and Andrei Popov and Adam Langley and Emile Stephan},
    subtitle =     {Transport Layer Security (TLS) Application-Layer Protocol Negotiation Extension},
    pagetotal = 9,
    year =      2014,
    month =     jul,
    note = "Request for Comments: 7301",
}

@article{Althouse2023,
	author = {John Althouse},
	title = {JA4+ Network Fingerprinting},
	journal = {FoxIO Blog},
	publisher = {FoxIO},
    howpublished = {online},
    cited = {2024-10-21},
	year = {2023},
	month = sep,
	url = {https://blog.foxio.io/ja4%2B-network-fingerprinting},
}

@article{Althouse2022JA3,
	author = {John Althouse and Laura Lindeman},
	title = {TLS Fingerprinting with JA3 and JA3S -- Salesforce Engineering Blog},
	journal = {Salesforce Engineering Blog},
	year = {2022},
	publisher = {Salesforce},
	month = apr,
    howpublished = {online},
    cited = {2024-10-21},
	url = {https://engineering.salesforce.com/tls-fingerprinting-with-ja3-and-ja3s-247362855967},
}

@ARTICLE{WebMining,
  author={Ming-Syan Chen and Jong Soo Park and Phillip S.Yu },
  journal={IEEE Transactions on Knowledge and Data Engineering}, 
  title={Efficient data mining for path traversal patterns}, 
  year={1998},
  volume={10},
  number={2},
  pages={209-221},
  keywords={Data mining;Marketing and sales;Transaction databases;Performance analysis;Web sites;Spatial databases;Filters;Sensitivity analysis;Distributed information systems;Computer applications},
  doi={10.1109/69.683753}
}

@InProceedings{swBugs,
    author = {Chao Liu and Xifeng Yan and Hwanjo Yu and others},
    title = {Mining Behavior Graphs for “Backtrace” of Noncrashing Bugs},
    booktitle = {Proceedings of the 2005 SIAM International Conference on Data Mining (SDM)},
    chapter = {},
    pages = {286-297},
    doi = {10.1137/1.9781611972757.26},
    year ={2005}
}

@inproceedings{Agrawal1994,
    author = {Agrawal, Rakesh and Srikant, Ramakrishnan},
    title = {Fast Algorithms for Mining \dots},
    year = {1994},
    month = {9},
    day = {12},
    isbn = {1558601538},
    publisher = {Morgan Kaufmann Publishers Inc.},
    address = {San Francisco, CA, USA},
    booktitle = {Proceedings of the 20th International Conference on Very Large Data Bases},
    pages = {487–499},
    numpages = {13},
    series = {VLDB '94},
    editor = {Jorge B. Bocca}
}

@book{HanAprioriOpti2012,
    author = {Jiawei Han and Micheline Kamber and Jian Pei},
    title = {Data mining},
    subtitle = {concepts and techniques},
    publisher = {Morgan Kaufmann},
    address = {Amsterdam},
    year = {2012},
    month = {6},
    day = {9},
    edition = {3},
    ISBN = {9780123814807},
}

@techreport{MatousekMobileDevice2020,
    author="Petr {Matoušek} and Ivana {Burgetová} and Malombe {Victor}",
    title="Mobile Device Fingerprinting",
    year="2020",
    address="Brno",
    institution = {Fakulta informačních technologií VUT v Brně},
    pages="65",
    revised = {25.09.2024},
}

@inproceedings{MatousekJA3Reliability2020,
  author="Petr {Matoušek} and Ivana {Burgetová} and Ondřej {Ryšavý} and others",
  title="On Reliability of JA3 Hashes \dots",
  booktitle="Digital Forensics and Cyber Crime. ICDF2C 2020",
  year="2021",
  series="Lecture Notes of the Institute for CS",
  volume="351",
  pages="1--22",
  publisher="Springer International Publishing",
  address="Boston",
  doi="10.1007/978-3-030-68734-2\{_}1",
  isbn="978-3-030-68733-5",
}

@inproceedings{BurgetovaJA42024,
  author="Ivana {Burgetová} and Petr {Matoušek} and Ondřej {Ryšavý}",
  title="Towards Identification of Network Applications\dots",
  booktitle="The Proceedings of the 8th Cyber Security in Networking Conference (CSNet 2024)",
  year="2024",
  series="IEEE Explore",
  volume="8",
  pages="213--221",
  publisher="IEEE Communications Society",
  address="Paris",
  doi="10.1109/CSNet64211.2024",
  isbn="979-8-3315-3410-3",
}

@inproceedings{MatousekJA4Malware2024,
  author="Petr {Matoušek} and Ondřej {Ryšavý} and Ivana {Burgetová}",
  title="Experience Report: Using JA4+ Fingerprints for Malware Detection in Encrypted Traffic",
  booktitle="Proceedings of 20th International Conference on Network and Service Management",
  year="2024",
  pages="1--5",
  address="Prague",
}

@book{tls-mulitple-conns,
    title={SSL and TLS: Theory and Practice, Third Edition},
    author={Oppliger, R.},
    edition = {3},
    address = {University of Berne, Switzerland},
    isbn={9781685690168},
    series={Artech House Information Security and Privacy Library},
    year={2023},
    publisher={Artech House}
}
